% This file was created with JabRef 2.7.2.
% Encoding: UTF-8

@article{ TSQB200918023,
author = { 曾润喜 },
title = {网络舆情管控工作机制研究},
journal = {图书情报工作},
volume = {53},
number = {79-82},
year = {2009},
issn = {0252-3116},
}
@article{ unofficial1,
author = { 李梦涵 },
title = {2023年上半年舆情事件特点总结与分析},
journal = {政新在线},
year = {2023},
}


	